@Book{ertel2008,
	year = {2008},
	author = {Wolgang Ertel},
	title = {Grundkurs K{\"u}nstliche Intelligenz: Eine praxisorientierte Einf{\"u}hrung},
	publisher = {Vieweg + Teubner},
    address = {Wiesbaden}
}
@inproceedings{astudillo2013,
    author  = {C\'esar A. Astudillo and Javier I. Gonzalez},
    title   = {Concept Drift Detection Using Online Bayesian Classifier},
    booktitle = {Proceedings of the XXXII International Conference of The Chilean Computer Science Society},
    year    = {2013},
    note = {URL: http://jcc2013.inf.uct.cl/wp-content/proceedings/SCCC/Concept Drift Detection Using Online Bayesian Classifier.pdf,last accessed on 22.01.2015}
}
@TECHREPORT{tsymbal2004,
    author = {Alexey Tsymbal},
    title = {The Problem of Concept Drift: Definitions and Related Work.},
    institution = {Department of Computer Science, Trinity College Dublin, Ireland},
    year = {2004},
    note = {URL: https://www.cs.tcd.ie/publications/tech-reports/reports.04/TCD-CS-2004-15.pdf, last accessed on 21.01.2015}
}
