%% This BibTeX bibliography file was created using BibDesk.
%% http://bibdesk.sourceforge.net/


%% Created for Ahmet Anil Pala at 2015-02-23 22:41:09 +0100 


%% Saved with string encoding Unicode (UTF-8) 



@article{kolter,
	Author = {J. Z. Kolter and M. A. Maloof},
	Date-Added = {2015-02-23 21:38:37 +0000},
	Date-Modified = {2015-02-23 21:40:56 +0000},
	Journal = {Journal of Machine Learning Research},
	Pages = {2755-2790},
	Title = {Dynamic weighted majority: A new ensemble method for tracking concept drift},
	Volume = {8},
	Year = {2007}}

@book{ertel2008,
	Address = {Wiesbaden},
	Author = {Wolgang Ertel},
	Publisher = {Vieweg + Teubner},
	Title = {Grundkurs K{\"u}nstliche Intelligenz: Eine praxisorientierte Einf{\"u}hrung},
	Year = {2008}}

@inproceedings{astudillo2013,
	Author = {C\'esar A. Astudillo and Javier I. Gonzalez},
	Booktitle = {Proceedings of the XXXII International Conference of The Chilean Computer Science Society},
	Note = {URL: http://jcc2013.inf.uct.cl/wp-content/proceedings/SCCC/Concept Drift Detection Using Online Bayesian Classifier.pdf,last accessed on 22.01.2015},
	Title = {Concept Drift Detection Using Online Bayesian Classifier},
	Year = {2013}}

@techreport{tsymbal2004,
	Author = {Alexey Tsymbal},
	Institution = {Department of Computer Science, Trinity College Dublin, Ireland},
	Note = {URL: https://www.cs.tcd.ie/publications/tech-reports/reports.04/TCD-CS-2004-15.pdf, last accessed on 21.01.2015},
	Title = {The Problem of Concept Drift: Definitions and Related Work.},
	Year = {2004}}

@inproceedings{zaharia2010,
	Author = {Matei Zaharia and Mosharaf Chowdhury and Michael J. Franklin and Scott Shenker and Ion Stoica},
	Booktitle = {Proceedings of the 2Nd USENIX Conference on Hot Topics in Cloud Computing},
	Title = {Spark: Cluster Computing with Working Sets},
	Year = {2010}}

@inproceedings{KunchevaEnsembleOverview08,
	Author = {Kuncheva, Ludmila I.},
	Booktitle = {2nd Workshop SUEMA 2008 (ECAI 2008)},
	Citeulike-Article-Id = {7360009},
	Keywords = {concept, data, drift, learning, machine, mining},
	Pages = {5--10},
	Posted-At = {2010-06-26 09:39:10},
	Priority = {0},
	Title = {{Classifier ensembles for detecting concept change in streaming data: Overview and perspectives}},
	Year = {2008}}

@inproceedings{Gao07ageneral,
	Author = {Jing Gao and Wei Fan and Jiawei Han and Philip S. Yu},
	Booktitle = {In Proc. SDM'07},
	Title = {A general framework for mining concept-drifting data streams with skewed distributions},
	Year = {2007}}

@misc{streamingSlides,
	Author = {Max Heimel},
	Howpublished = {University Lecture 13},
	Institution = {Technical University Berlin},
	Note = {date of lecture: 21. January 2015},
	Title = {Machine Learning on Data Streams}}

@article{Gama2014,
	Acmid = {2523813},
	Address = {New York, NY, USA},
	Articleno = {44},
	Author = {Gama, Jo\~{a}o and \v{Z}liobait\.{e}, Indr\.{e} and Bifet, Albert and Pechenizkiy, Mykola and Bouchachia, Abdelhamid},
	Date-Modified = {2015-02-23 21:28:33 +0000},
	Doi = {10.1145/2523813},
	Issn = {0360-0300},
	Issue_Date = {April 2014},
	Journal = {ACM Comput. Surv.},
	Keywords = {Concept drift, adaptive learning, change detection, data streams},
	Month = mar,
	Number = {4},
	Numpages = {37},
	Pages = {44:1--44:37},
	Publisher = {ACM},
	Title = {A Survey on Concept Drift Adaptation},
	Url = {http://doi.acm.org/10.1145/2523813},
	Volume = {46},
	Year = {2014},
	Bdsk-Url-1 = {http://doi.acm.org/10.1145/2523813},
	Bdsk-Url-2 = {http://dx.doi.org/10.1145/2523813}}
